<record><leader>00000cas a2200000 a 4500</leader><controlfield tag="001">11140827</controlfield><controlfield tag="008">840911d18431uuukyuwr ne      0    0eng d</controlfield><datafield ind1=" " ind2=" " tag="010"><subfield code="a">sn 84027431 </subfield></datafield><datafield ind1=" " ind2=" " tag="040"><subfield code="a">NPU</subfield><subfield code="b">eng</subfield><subfield code="c">NPU</subfield><subfield code="d">KNP</subfield><subfield code="d">OCL</subfield><subfield code="d">OCLCQ</subfield><subfield code="d">OCLCF</subfield><subfield code="d">OCLCO</subfield></datafield><datafield ind1="1" ind2=" " tag="029"><subfield code="a">AU@</subfield><subfield code="b">000020121007</subfield></datafield><datafield ind1=" " ind2=" " tag="042"><subfield code="a">msc</subfield></datafield><datafield ind1=" " ind2=" " tag="043"><subfield code="a">n-us-ky</subfield></datafield><datafield ind1="0" ind2=" " tag="130"><subfield code="a">Kentucky Whig (Flemingsburg, Ky. : 1843)</subfield></datafield><datafield ind1="1" ind2="4" tag="245"><subfield code="a">The Kentucky Whig.</subfield></datafield><datafield ind1=" " ind2=" " tag="260"><subfield code="a">Flemingsburg, Ky. :</subfield><subfield code="b">W.H. McKinnie &amp; H.C. Nicholson,</subfield><subfield code="c">1843-</subfield></datafield><datafield ind1=" " ind2=" " tag="300"><subfield code="a">v. ;</subfield><subfield code="c">55 cm.</subfield></datafield><datafield ind1=" " ind2=" " tag="310"><subfield code="a">Weekly</subfield></datafield><datafield ind1="0" ind2=" " tag="362"><subfield code="a">Vol. 1, no. l, Apr. 1, 1843-</subfield></datafield><datafield ind1=" " ind2=" " tag="515"><subfield code="a">Suspended after Apr. 20, 1844 issue.</subfield></datafield><datafield ind1=" " ind2="0" tag="651"><subfield code="a">Flemingsburg (Ky.)</subfield><subfield code="v">Newspapers.</subfield></datafield><datafield ind1=" " ind2="0" tag="651"><subfield code="a">Fleming County (Ky.)</subfield><subfield code="v">Newspapers.</subfield></datafield><datafield ind1=" " ind2="7" tag="655"><subfield code="a">Newspapers.</subfield><subfield code="2">fast</subfield><subfield code="0">(OCoLC)fst01423814</subfield></datafield><datafield ind1=" " ind2="7" tag="651"><subfield code="a">Kentucky</subfield><subfield code="z">Fleming County.</subfield><subfield code="2">fast</subfield><subfield code="0">(OCoLC)fst01207602</subfield></datafield><datafield ind1=" " ind2="7" tag="651"><subfield code="a">Kentucky</subfield><subfield code="z">Flemingsburg.</subfield><subfield code="2">fast</subfield><subfield code="0">(OCoLC)fst01250163</subfield></datafield><datafield ind1=" " ind2=" " tag="752"><subfield code="a">United States</subfield><subfield code="b">Kentucky</subfield><subfield code="c">Fleming</subfield><subfield code="d">Flemingsburg.</subfield></datafield><datafield ind1="0" ind2="0" tag="780"><subfield code="t">Flemingsburg Kentuckian</subfield><subfield code="w">(DLC)sn 82016444</subfield></datafield></record>